@ARTICLE{2021A&A...655A..90Y,
       author = {{Yang}, S. and {Sollerman}, J. and {Strotjohann}, N.~L. and {Schulze}, S. and {Lunnan}, R. and {Kool}, E. and {Fremling}, C. and {Perley}, D. and {Ofek}, E. and {Schweyer}, T. and {Bellm}, E.~C. and {Kasliwal}, M.~M. and {Masci}, F.~J. and {Rigault}, M. and {Yang}, Y.},
        title = "{A low-energy explosion yields the underluminous Type IIP SN 2020cxd}",
      journal = {\aap},
     keywords = {supernovae: general, galaxies: individual: NGC 6395, Astrophysics - High Energy Astrophysical Phenomena},
         year = 2021,
        month = nov,
       volume = {655},
          eid = {A90},
        pages = {A90},
          doi = {10.1051/0004-6361/202141244},
archivePrefix = {arXiv},
       eprint = {2107.13439},
 primaryClass = {astro-ph.HE},
       adsurl = {https://ui.adsabs.harvard.edu/abs/2021A&A...655A..90Y},
      adsnote = {Provided by the SAO/NASA Astrophysics Data System}
}